<collection xmlns="http://www.loc.gov/MARC21/slim">
<record>
  <leader>02269nam0a2200421 i 450 </leader>
  <controlfield tag="001">IT\ICCU\CNCE\033081</controlfield>
  <controlfield tag="005">20070921000000.0</controlfield>
  <datafield tag="012" ind1=" " ind2=" ">
    <subfield code="a">m.i- s.io b-Di bect (3) 1519 (A)</subfield>
    <subfield code="2">fei</subfield>
  </datafield>
  <datafield tag="100" ind1=" " ind2=" ">
    <subfield code="a">19971217d1519        0itac0103    ba</subfield>
  </datafield>
  <datafield tag="101" ind1=" " ind2=" ">
    <subfield code="a">LAT</subfield>
  </datafield>
  <datafield tag="102" ind1=" " ind2=" ">
    <subfield code="a">IT</subfield>
  </datafield>
  <datafield tag="200" ind1="1" ind2=" ">
    <subfield code="a">℗Aristotelis ℗Perihermenias hoc est de interpretatione liber Eutycho Augustino Nipho philoltheo Suessano interprete &amp; expositore</subfield>
  </datafield>
  <datafield tag="210" ind1=" " ind2=" ">
    <subfield code="e">Venetijs</subfield>
    <subfield code="g">impressi mandato sumptibusque heredum nobilis viri domini Octauiani Scoti ciuis Modoetiensis ac sociorum</subfield>
    <subfield code="h">1519 die 23 Augusti</subfield>
  </datafield>
  <datafield tag="215" ind1=" " ind2=" ">
    <subfield code="a">32 c.</subfield>
    <subfield code="c">ill.</subfield>
    <subfield code="d">fol</subfield>
  </datafield>
  <datafield tag="620" ind1=" " ind2=" ">
    <subfield code="a">IT</subfield>
    <subfield code="d">Venezia</subfield>
  </datafield>
  <datafield tag="700" ind1=" " ind2="1">
    <subfield code="a">Nifo,</subfield>
    <subfield code="b">Agostino</subfield>
    <subfield code="3">IT\ICCU\CNCA\000274</subfield>
  </datafield>
  <datafield tag="702" ind1=" " ind2="0">
    <subfield code="a">Aristoteles</subfield>
    <subfield code="3">IT\ICCU\CNCA\000006</subfield>
  </datafield>
  <datafield tag="712" ind1="0" ind2="0">
    <subfield code="a">Scoto, Ottaviano &lt;1.&gt; - eredi &amp; C.</subfield>
    <subfield code="3">IT\ICCU\CNCT\002931</subfield>
    <subfield code="4">650</subfield>
  </datafield>
  <datafield tag="790" ind1=" " ind2="0">
    <subfield code="a">Agostino</subfield>
    <subfield code="c"> : da#Sessa</subfield>
    <subfield code="3">IT\ICCU\CNCA\012356</subfield>
    <subfield code="z">Nifo, Agostino</subfield>
  </datafield>
  <datafield tag="790" ind1=" " ind2="1">
    <subfield code="a">Niphus,</subfield>
    <subfield code="b">Eutychius Augustinus</subfield>
    <subfield code="3">IT\ICCU\CNCA\017355</subfield>
    <subfield code="z">Nifo, Agostino</subfield>
  </datafield>
  <datafield tag="790" ind1=" " ind2="1">
    <subfield code="a">Niphus,</subfield>
    <subfield code="b">Augustinus</subfield>
    <subfield code="3">IT\ICCU\CNCA\021679</subfield>
    <subfield code="z">Nifo, Agostino</subfield>
  </datafield>
  <datafield tag="790" ind1=" " ind2="1">
    <subfield code="a">Niphus,</subfield>
    <subfield code="b">Augustinus : Suesanus</subfield>
    <subfield code="3">IT\ICCU\CNCA\022085</subfield>
    <subfield code="z">Nifo, Agostino</subfield>
  </datafield>
  <datafield tag="790" ind1=" " ind2="0">
    <subfield code="a">Aristotele</subfield>
    <subfield code="3">IT\ICCU\CNCA\018928</subfield>
    <subfield code="z">Aristoteles</subfield>
  </datafield>
  <datafield tag="801" ind1=" " ind2="3">
    <subfield code="a">IT</subfield>
    <subfield code="b">ICCU</subfield>
    <subfield code="c">20201114</subfield>
  </datafield>
  <datafield tag="899" ind1=" " ind2=" ">
    <subfield code="a">Biblioteca statale di Montevergine. Mercogliano</subfield>
    <subfield code="z">MUTILO</subfield>
    <subfield code="1">AV0045</subfield>
    <subfield code="2">NAP MV</subfield>
  </datafield>
  <datafield tag="899" ind1=" " ind2=" ">
    <subfield code="a">Biblioteca comunale dell&apos;Archiginnasio. Bologna</subfield>
    <subfield code="1">BO0304</subfield>
    <subfield code="2">UBO GA</subfield>
  </datafield>
  <datafield tag="899" ind1=" " ind2=" ">
    <subfield code="a">Biblioteca Apostolica Vaticana. Citt ̉del Vaticano</subfield>
    <subfield code="1">EX0001</subfield>
    <subfield code="2">ZCV 01</subfield>
  </datafield>
  <datafield tag="899" ind1=" " ind2=" ">
    <subfield code="a">Biblioteca universitaria. Genova</subfield>
    <subfield code="1">GE0038</subfield>
    <subfield code="2">LIG 01</subfield>
  </datafield>
  <datafield tag="899" ind1=" " ind2=" ">
    <subfield code="a">Biblioteca nazionale Braidense. Milano</subfield>
    <subfield code="1">MI0185</subfield>
    <subfield code="2">MIL NB</subfield>
  </datafield>
  <datafield tag="899" ind1=" " ind2=" ">
    <subfield code="a">Biblioteca comunale Teresiana. Mantova</subfield>
    <subfield code="1">MN0035</subfield>
    <subfield code="2">LO1 12</subfield>
  </datafield>
  <datafield tag="899" ind1=" " ind2=" ">
    <subfield code="a">Biblioteca nazionale Vittorio Emanuele III. Napoli</subfield>
    <subfield code="1">NA0079</subfield>
    <subfield code="2">NAP BN</subfield>
  </datafield>
  <datafield tag="899" ind1=" " ind2=" ">
    <subfield code="a">Biblioteca  Panizzi. Reggio Emilia</subfield>
    <subfield code="1">RE0052</subfield>
    <subfield code="2">RE2 PA</subfield>
  </datafield>
  <datafield tag="899" ind1=" " ind2=" ">
    <subfield code="a">Biblioteca nazionale centrale. Roma</subfield>
    <subfield code="1">RM0267</subfield>
    <subfield code="2">BVE CR</subfield>
  </datafield>
  <datafield tag="899" ind1=" " ind2=" ">
    <subfield code="a">Biblioteca comunale. Montepulciano</subfield>
    <subfield code="1">SI0024</subfield>
    <subfield code="2">RT1 QQ</subfield>
  </datafield>
  <datafield tag="899" ind1=" " ind2=" ">
    <subfield code="a">Biblioteca Fardelliana. Trapani</subfield>
    <subfield code="1">TP0022</subfield>
    <subfield code="2">TPS BF</subfield>
  </datafield>
  <datafield tag="899" ind1=" " ind2=" ">
    <subfield code="a">Biblioteca nazionale Marciana. Venezia</subfield>
    <subfield code="1">VE0049</subfield>
    <subfield code="2">VEA BM</subfield>
  </datafield>
  <datafield tag="911" ind1=" " ind2=" ">
    <subfield code="a">Nel colophon.</subfield>
    <subfield code="9">IT\ICCU\CNCM\000019</subfield>
  </datafield>
  <datafield tag="921" ind1=" " ind2=" ">
    <subfield code="a">IT\ICCU\CNCM\000019</subfield>
    <subfield code="b">Cerchio con croce doppia e iniziali O.S.M. Intorno fregi floreali</subfield>
    <subfield code="c">A101</subfield>
    <subfield code="c">V466</subfield>
    <subfield code="c">Z297</subfield>
    <subfield code="d">7x8</subfield>
    <subfield code="f">CROCE</subfield>
    <subfield code="f">LORENA</subfield>
    <subfield code="f">OSM</subfield>
    <subfield code="g">1507-1550</subfield>
  </datafield>
</record>
</collection>
